<record><leader>00000cas a22000007a 4500</leader><controlfield tag="001">12212812</controlfield><controlfield tag="008">850628d188919uuinuwr ne      0    0eng d</controlfield><datafield ind1=" " ind2=" " tag="010"><subfield code="a">sn 85047977 </subfield></datafield><datafield ind1=" " ind2=" " tag="040"><subfield code="a">NPI</subfield><subfield code="b">eng</subfield><subfield code="c">NPI</subfield><subfield code="d">OCLCQ</subfield><subfield code="d">IUL</subfield><subfield code="d">OCLCF</subfield></datafield><datafield ind1="1" ind2=" " tag="029"><subfield code="a">AU@</subfield><subfield code="b">000025839916</subfield></datafield><datafield ind1=" " ind2=" " tag="042"><subfield code="a">msc</subfield></datafield><datafield ind1=" " ind2=" " tag="043"><subfield code="a">n-us-in</subfield></datafield><datafield ind1="0" ind2=" " tag="130"><subfield code="a">Weekly news (Shoals, Ind.)</subfield></datafield><datafield ind1="1" ind2="4" tag="245"><subfield code="a">The weekly news.</subfield></datafield><datafield ind1=" " ind2=" " tag="260"><subfield code="a">Shoals, Ind. :</subfield><subfield code="b">A.C. Hacker</subfield></datafield><datafield ind1=" " ind2=" " tag="300"><subfield code="a">v. :</subfield><subfield code="b">ill.</subfield></datafield><datafield ind1="1" ind2=" " tag="362"><subfield code="a">Began in 1889</subfield><subfield code="z">Cf. Miller, John W. Indiana newspaper bibliog.</subfield></datafield><datafield ind1="1" ind2=" " tag="362"><subfield code="a">Ceased around 1906?</subfield></datafield><datafield ind1=" " ind2=" " tag="500"><subfield code="a">"Democratic party publication" Cf. Miller.</subfield></datafield><datafield ind1=" " ind2=" " tag="588"><subfield code="a">Description based on: Vol. 3, no. 45 (Nov. 12, 1891).</subfield></datafield><datafield ind1=" " ind2="0" tag="651"><subfield code="a">Shoals (Ind.)</subfield><subfield code="v">Newspapers.</subfield></datafield><datafield ind1=" " ind2="0" tag="651"><subfield code="a">Martin County (Ind.)</subfield><subfield code="v">Newspapers.</subfield></datafield><datafield ind1=" " ind2="7" tag="651"><subfield code="a">Indiana</subfield><subfield code="z">Martin County.</subfield><subfield code="2">fast</subfield><subfield code="0">(OCoLC)fst01218133</subfield></datafield><datafield ind1=" " ind2="7" tag="651"><subfield code="a">Indiana</subfield><subfield code="z">Shoals.</subfield><subfield code="2">fast</subfield><subfield code="0">(OCoLC)fst01254522</subfield></datafield><datafield ind1=" " ind2="7" tag="655"><subfield code="a">Newspapers.</subfield><subfield code="2">fast</subfield><subfield code="0">(OCoLC)fst01423814</subfield></datafield><datafield ind1=" " ind2=" " tag="752"><subfield code="a">United States</subfield><subfield code="b">Indiana</subfield><subfield code="c">Martin</subfield><subfield code="d">Shoals.</subfield></datafield><datafield ind1="0" ind2="0" tag="780"><subfield code="t">News (Shoals, Ind.)</subfield><subfield code="w">(DLC)sn 85047978</subfield><subfield code="w">(OCoLC)12212901</subfield></datafield></record>